@article{samuelson2002law,
	title={The Law and Economics of Reverse Engineering},
	author={Samuelson, Pamela and Scotchmer, Suzanne},
	journal={The Yale Law Journal},
	volume={111},
	number={7},
	pages={1575--1663},
	year={2002},
	publisher={JSTOR}
}

@book{Kent:2001:UHV:559522,
	author = {Kent, Steven L.},
	title = {The  Ultimate History of Video Games: From Pong to Pokemon--the Story Behind the Craze That Touched Our Lives and Changed the World},
	year = {2001},
	isbn = {0761536434},
	publisher = {Prima Communications, Inc.},
	address = {Rocklin, CA, USA},
} 

@article{samuelson1990reverse,
	title={Reverse-engineering someone else's software: is it legal?},
	author={Samuelson, Pamela},
	journal={Software, IEEE},
	volume={7},
	number={1},
	pages={90--96},
	year={1990},
	publisher={IEEE}
}

@book{graham1999legal,
	title={Legal battles that shaped the computer industry},
	author={Graham, Lawrence D},
	year={1999},
	publisher={Greenwood Publishing Group}
}


@book{eilam2005reversing,
	title = {Reversing : secrets of reverse engineering},
	author = {Eilam, Eldad and Chikofsky, Elliot J.},
	publisher = {Wiley},
	address = {Indianapolis (Ind.)},
	isbn = {0-7645-7481-7},
	year = {2005}
}

@incollection{cipresso2010software,
	title={Software reverse engineering},
	author={Cipresso, Teodoro and Stamp, Mark},
	booktitle={Handbook of Information and Communication Security},
	pages={659--696},
	year={2010},
	publisher={Springer}
}

@article{ali2005teach,
	title={Why teach reverse engineering?},
	author={Ali, Muhammad Raza},
	journal={ACM SIGSOFT Software Engineering Notes},
	volume={30},
	number={4},
	pages={1--4},
	year={2005},
	publisher={ACM}
}

@book{reps1997use,
	title={The use of program profiling for software maintenance with applications to the year 2000 problem},
	author={Reps, Thomas and Ball, Thomas and Das, Manuvir and Larus, James},
	year={1997},
	publisher={Springer}
}

@misc{wiki:year2038problem,
	author = "Wikipedia",
	title = "Year 2038 problem --- Wikipedia{,} The Free Encyclopedia",
	year = "2016",
	howpublished={\url{https://en.wikipedia.org/w/index.php?title=Year_2038_problem&oldid=705647677}},
	note = "[Online; accessed 23-February-2016]"
}
 
@article{ChikofskyElliotCross,
	author = {Chikofsky, Elliot J. and Cross II, James H.},
	title = {Reverse Engineering and Design Recovery: A Taxonomy},
	journal = {IEEE Softw.},
	issue_date = {January 1990},
	volume = {7},
	number = {1},
	month = jan,
	year = {1990},
	issn = {0740-7459},
	pages = {13--17},
	numpages = {5},
	url = {http://dx.doi.org/10.1109/52.43044},
	doi = {10.1109/52.43044},
	acmid = {624902},
	publisher = {IEEE Computer Society Press},
	address = {Los Alamitos, CA, USA},
	keywords = {computer-aided software engineering, design recovery, enhancement, existing systems, forward engineering, maintenance, nomenclature, redocumentation, reengineering, restructuring, reverse-engineering approaches, software engineering, taxonomy}
}

@incollection{hainaut1996database,
	title={Database reverse engineering: From requirements to CARE tools},
	author={Hainaut, J-L and Englebert, Vincent and Henrard, Jean and Hick, J-M and Roland, Didier},
	booktitle={Reverse engineering},
	pages={9--45},
	year={1996},
	publisher={Springer}
}

@misc{WebcitationOpenDesignAlliance,
	title = {About the Open Design Alliance},
	howpublished = {\url{http://www.webcitation.org/5PnZKqXma}},
	note = {Accessed: 2015-04-16}
}

@article{huang2002hacking,
	title={Hacking the Xbox: an introduction to reverse engineering},
	author={Huang, Andrew},
	year={2002},
	publisher={Citeseer}
}

@article{litman1992copyright,
	title={Copyright and information policy},
	author={Litman, Jessica},
	journal={Law and Contemporary Problems},
	volume={55},
	number={2},
	pages={185--209},
	year={1992},
	publisher={JSTOR}
}

@misc{relawdaq,
	title = "Coders’ Rights Project Reverse Engineering FAQ",
	howpublished={\url{https://www.eff.org/issues/coders/reverse-engineering-faq}},
	note = "[Online; accessed 28-February-2016]"
}

@book{stallman2002free,
	title={Free software, free society: Selected essays of Richard M. Stallman},
	author={Stallman, Richard},
	year={2002},
	publisher={Lulu. com}
}

@misc{microarchitecture2015dragomir,
	Author = {MILOJEVIC, Dragomir },
	Institution = {Université libre de Bruxelles},
	Howpublished = {University Lecture},
	Year = {2015},
	Title = {Microprocessor Architectures}
}

@book{Silberschatz:2012:OSC:2490781,
	author = {Silberschatz, Abraham and Galvin, Peter B. and Gagne, Greg},
	title = {Operating System Concepts},
	year = {2012},
	isbn = {1118063333, 9781118063330},
	edition = {9th},
	publisher = {Wiley Publishing},
} 

@book{aho1986compilers,
	title={Compilers, Principles, Techniques},
	author={Aho, Alfred V and Sethi, Ravi and Ullman, Jeffrey D},
	year={1986},
	publisher={Addison wesley}
}
@book{Aho:2006:CPT:1177220,
	author = {Aho, Alfred V. and Lam, Monica S. and Sethi, Ravi and Ullman, Jeffrey D.},
	title = {Compilers: Principles, Techniques, and Tools (2Nd Edition)},
	year = {2006},
	isbn = {0321486811},
	publisher = {Addison-Wesley Longman Publishing Co., Inc.},
	address = {Boston, MA, USA}
} 

@article{hughes1989functional,
	title={Why functional programming matters},
	author={Hughes, John},
	journal={The computer journal},
	volume={32},
	number={2},
	pages={98--107},
	year={1989},
	publisher={Br Computer Soc}
}

@misc{guide2011intel,
	title={Intel{\textregistered} 64 and IA-32 Architectures Software Developer’s Manual},
	author={Guide, Part},
	year={2011}
}

@book{eagle2011ida,
	title={The IDA pro book: the unofficial guide to the world's most popular disassembler},
	author={Eagle, Chris},
	year={2011},
	publisher={No Starch Press}
}

@misc{relawdaq,
	title = "The Art of Picking Intel Registers",
	howpublished={\url{https://web.archive.org/web/20160304221706/http://www.swansontec.com/sregisters.html}}
}

@misc{amd64,
	title = "AMD Releases x86-64™ Architectural Specification; Enables Market Driven Migration to 64-Bit Computing",
	howpublished={\url{http://web.archive.org/web/20120308025559/http://www.amd.com/us/press-releases/Pages/Press_Release_715.aspx}},
	note = "[Online]"
}

@book{Dang:2014:PRE:2636663,
	author = {Dang, Bruce and Gazet, Alexandre and Bachaalany, Elias and Josse, Sebastien},
	title = {Practical Reverse Engineering: x86, x64, ARM, Windows Kernel, Reversing Tools, and Obfuscation},
	year = {2014},
	isbn = {1118787315, 9781118787311},
	edition = {1st},
	publisher = {Wiley Publishing},
}

@misc{pe_win32,
	title = "Peering Inside the PE: A Tour of the Win32 Portable Executable File Format",
	howpublished={\url{https://web.archive.org/web/20160113164015/https://msdn.microsoft.com/en-us/library/ms809762.aspx}},
	author={Matt Pietrek},
	year={1994}
}

@book{sikorski2012practical,
	title={Practical malware analysis: the hands-on guide to dissecting malicious software},
	author={Sikorski, Michael and Honig, Andrew},
	year={2012},
	publisher={no starch press}
}

@article{6313354,
	author={M. G. Rekoff},
	journal={IEEE Transactions on Systems, Man, and Cybernetics},
	title={On reverse engineering},
	year={1985},
	volume={SMC-15},
	number={2},
	pages={244-252},
	keywords={design engineering;complex hardware;design factors;documentation;hardware structural hierarchy;reverse engineering;specifications;Assembly;Cloning;Electric breakdown;Hardware;Materials;Reverse engineering},
	doi={10.1109/TSMC.1985.6313354},
	ISSN={0018-9472},
	month={March}
}

@article{chikofsky1990reverse,
	title={Reverse engineering and design recovery: A taxonomy},
	author={Chikofsky, Elliot J and Cross, James H and others},
	journal={Software, IEEE},
	volume={7},
	number={1},
	pages={13--17},
	year={1990},
	publisher={IEEE}
}

@article{radatz1990ieee,
	title={IEEE standard glossary of software engineering terminology},
	author={Radatz, Jane and Geraci, Anne and Katki, Freny},
	journal={IEEE Std},
	volume={610121990},
	number={121990},
	pages={3},
	year={1990}
}

@misc{uscode_t44,
	title={United States Code, 2006 Edition, Supplement 5, Title 44 - PUBLIC PRINTING AND DOCUMENTS},
	author={Code, US},
	year={2011}
}

@misc{trade_secret_law,
	title={CIVIL CODE SECTION 3426-3426.11}
}

@misc{dwg,
	title = "What Is DWG? | DWG File Format | TrustedDWG | Autodesk",
	howpublished={\url{https://web.archive.org/web/20160406073504/http://www.autodesk.com/products/dwg}},
	note = "[Online; accessed 06-April-2016]"
}

@book{russinovich2012windows,
	title={Windows internals, Sixth Edition},
	author={Russinovich, Mark E and Solomon, David A and Ionescu, Alex},
	year={2012},
	publisher={Microsoft Press}
}

@article{tis1995tool,
	title={Tool Interface Standard (TIS) Executable and Linking Format (ELF) Specification Version 1.2},
	author={TIS Committee and others},
	journal={TIS Committee},
	year={1995}
}

@article{cifuentes1995decompilation,
	title={Decompilation of binary programs},
	author={Cifuentes, Cristina and Gough, K John},
	journal={Software: Practice and Experience},
	volume={25},
	number={7},
	pages={811--829},
	year={1995},
	publisher={Wiley Online Library}
}

@inproceedings{emmerik2004using,
	title={Using a decompiler for real-world source recovery},
	author={Emmerik, MV and Waddington, Trent},
	booktitle={Reverse Engineering, 2004. Proceedings. 11th Working Conference on},
	pages={27--36},
	year={2004},
	organization={IEEE}
}

@article{pietrek2002inside,
	title={Inside windows-an in-depth look into the Win32 portable executable file format},
	author={Pietrek, Matt},
	journal={MSDN magazine},
	volume={17},
	number={2},
	year={2002},
	publisher={San Francisco, CA: CMP Media Inc., c2000-}
}

@misc{vmware_record_replay,
	title = "The Amazing VM Record/Replay Feature in VMware Workstation 6",
	howpublished={\url{https://web.archive.org/web/20160312013343/http://cto.vmware.com/the-amazing-vm-recordreplay-feature-in-vmware-workstation-6/}},
	author={Steve Herrod},
	month = apr,
	year={2007}
}

@article{shannon1951prediction,
	title={Prediction and entropy of printed English},
	author={Shannon, Claude E},
	journal={Bell system technical journal},
	volume={30},
	number={1},
	pages={50--64},
	year={1951},
	publisher={Wiley Online Library}
}

@article{voorhies1991space,
	title={Space-filling curves and a measure of coherence},
	author={Voorhies, Douglas},
	journal={Graphics Gems II},
	pages={26--30},
	year={1991},
	publisher={Academic Press}
}

@incollection{conti2008visual,
	title={Visual reverse engineering of binary and data files},
	author={Conti, Gregory and Dean, Erik and Sinda, Matthew and Sangster, Benjamin},
	booktitle={Visualization for Computer Security},
	pages={1--17},
	year={2008},
	publisher={Springer}
}

@misc{od:obfuscation,
	author={Oxford Dictionaries},
	title={obfuscation - definition of obfuscation in English from the Oxford dictionary},
	howpublished={\url{http://www.oxforddictionaries.com/definition/english/obfuscation}},
	note={[Online; accessed 25-June-2016]}
}

@inproceedings{jakubowski2009iterated,
	title={Iterated Transformations and Quantitative Metrics for Software Protection.},
	author={Jakubowski, Mariusz H and Saw, Chit Wei and Venkatesan, Ramarathnam},
	booktitle={SECRYPT},
	pages={359--368},
	year={2009}
}

@inproceedings{zhu2005provable,
	title={A provable scheme for homomorphic obfuscation in software security},
	author={Zhu, William and Thomborson, Clark},
	booktitle={The IASTED International Conference on Communication, Network and Information Security, CNIS},
	volume={5},
	pages={208--212},
	year={2005}
}

@INPROCEEDINGS{ollvm,
	author={Pascal Junod and Julien Rinaldini and Johan Wehrli and Julie Michielin},
	booktitle={Proceedings of the {IEEE/ACM} 1st International Workshop on Software Protection, {SPRO'15}, Firenze, Italy, May 19th, 2015},
	editor = {Brecht Wyseur},
	publisher = {IEEE},
	title={Obfuscator-{LLVM} -- Software Protection for the Masses},
	year={2015},
	pages={3--9},
	doi={10.1109/SPRO.2015.10},
}

@techreport{collberg1997taxonomy,
	title={A taxonomy of obfuscating transformations},
	author={Collberg, Christian and Thomborson, Clark and Low, Douglas},
	year={1997},
	institution={Department of Computer Science, The University of Auckland, New Zealand}
}

@inproceedings{collberg1998manufacturing,
	title={Manufacturing cheap, resilient, and stealthy opaque constructs},
	author={Collberg, Christian and Thomborson, Clark and Low, Douglas},
	booktitle={Proceedings of the 25th ACM SIGPLAN-SIGACT symposium on Principles of programming languages},
	pages={184--196},
	year={1998},
	organization={ACM}
}

@article{debray2000compiler,
	title={Compiler techniques for code compaction},
	author={Debray, Saumya K and Evans, William and Muth, Robert and De Sutter, Bjorn},
	journal={ACM Transactions on Programming languages and Systems (TOPLAS)},
	volume={22},
	number={2},
	pages={378--415},
	year={2000},
	publisher={ACM}
}

@book{steven1997advanced,
	title={Advanced compiler design implementation},
	author={Steven S. Muchnick},
	year={1997},
	publisher={Morgan Kaufmann}
}

@article{laszlo2009obfuscating,
	title={Obfuscating C++ programs via control flow flattening},
	author={L{\'a}szl{\'o}, T{\i}mea and Kiss, {\'A}kos},
	journal={Annales Universitatis Scientarum Budapestinensis de Rolando E{\"o}tv{\"o}s Nominatae, Sectio Computatorica},
	volume={30},
	pages={3--19},
	year={2009}
}

@article{backus1978can,
	title={Can programming be liberated from the von Neumann style?: a functional style and its algebra of programs},
	author={Backus, John},
	journal={Communications of the ACM},
	volume={21},
	number={8},
	pages={613--641},
	year={1978},
	publisher={ACM}
}

@misc{htfet1980equations,
	title={Equations and Rewrite Rules, a Survey},
	author={Htfet, D Oppen},
	year={1980},
	publisher={Forma] Languages: Prespec-tives and Open ProbIems, Ed. R. Bock, Academic Press}
}

@book{bird2010pearls,
	title={Pearls of functional algorithm design},
	author={Bird, Richard},
	year={2010},
	publisher={Cambridge University Press}
}

@inproceedings{coogan2011equational,
	title={Equational reasoning on x86 assembly code},
	author={Coogan, Kevin and Debray, Saumya},
	booktitle={Source Code Analysis and Manipulation (SCAM), 2011 11th IEEE International Working Conference on},
	pages={75--84},
	year={2011},
	organization={IEEE}
}

@phdthesis{coogan2011deobfuscation,
	title={Deobfuscation of packed and virtualization-obfuscation protected binaries},
	author={Coogan, Kevin Patrick},
	year={2011},
	school={University of Arizona}
}

@article{cytron1991efficiently,
	title={Efficiently computing static single assignment form and the control dependence graph},
	author={Cytron, Ron and Ferrante, Jeanne and Rosen, Barry K and Wegman, Mark N and Zadeck, F Kenneth},
	journal={ACM Transactions on Programming Languages and Systems (TOPLAS)},
	volume={13},
	number={4},
	pages={451--490},
	year={1991},
	publisher={ACM}
}

@inproceedings{choi1991automatic,
	title={Automatic construction of sparse data flow evaluation graphs},
	author={Choi, Jong-Deok and Cytron, Ron and Ferrante, Jeanne},
	booktitle={Proceedings of the 18th ACM SIGPLAN-SIGACT symposium on Principles of programming languages},
	pages={55--66},
	year={1991},
	organization={ACM}
}

@inproceedings{harel1985linear,
	title={A linear algorithm for finding dominators in flow graphs and related problems},
	author={Harel, Dov},
	booktitle={Proceedings of the seventeenth annual ACM symposium on Theory of computing},
	pages={185--194},
	year={1985},
	organization={ACM}
}

@article{lengauer1979fast,
	title={A fast algorithm for finding dominators in a flowgraph},
	author={Lengauer, Thomas and Tarjan, Robert Endre},
	journal={ACM Transactions on Programming Languages and Systems (TOPLAS)},
	volume={1},
	number={1},
	pages={121--141},
	year={1979},
	publisher={ACM}
}

@article{wegman1991constant,
	title={Constant propagation with conditional branches},
	author={Wegman, Mark N and Zadeck, F Kenneth},
	journal={ACM Transactions on Programming Languages and Systems (TOPLAS)},
	volume={13},
	number={2},
	pages={181--210},
	year={1991},
	publisher={ACM}
}

@inproceedings{click1995global,
	title={Global code motion/global value numbering},
	author={Click, Cliff},
	booktitle={ACM SIGPLAN Notices},
	volume={30},
	number={6},
	pages={246--257},
	year={1995},
	organization={ACM}
}

@inproceedings{briggs1994effective,
	title={Effective partial redundancy elimination},
	author={Briggs, Preston and Cooper, Keith D},
	booktitle={ACM SIGPLAN Notices},
	volume={29},
	number={6},
	pages={159--170},
	year={1994},
	organization={ACM}
}

@phdthesis{van2007static,
	title={Static single assignment for decompilation},
	author={Van Emmerik, Michael James},
	year={2007},
	school={The University of Queensland}
}

@inproceedings{balakrishnan2004analyzing,
	title={Analyzing memory accesses in x86 executables},
	author={Balakrishnan, Gogul and Reps, Thomas},
	booktitle={International conference on compiler construction},
	pages={5--23},
	year={2004},
	organization={Springer}
}

@article{balakrishnan2010wysinwyx,
	title={WYSINWYX: What you see is not what you eXecute},
	author={Balakrishnan, Gogul and Reps, Thomas},
	journal={ACM Transactions on Programming Languages and Systems (TOPLAS)},
	volume={32},
	number={6},
	pages={23},
	year={2010},
	publisher={ACM}
}

@article{appel1998ssa,
	title={SSA is functional programming},
	author={Appel, Andrew W.},
	journal={SIGPLAN notices},
	volume={33},
	number={4},
	pages={17--20},
	year={1998}
}

@inproceedings{chow1996effective,
	title={Effective representation of aliases and indirect memory operations in SSA form},
	author={Chow, Fred and Chan, Sun and Liu, Shin-Ming and Lo, Raymond and Streich, Mark},
	booktitle={International Conference on Compiler Construction},
	pages={253--267},
	year={1996},
	organization={Springer}
}
